%% LaTeX2e file `dissertation.bib'
%% generated by the `filecontents' environment
%% from source `dissertation' on 2017/03/09.
%%
 @online{solarfarm,
  author  = {Buckley, Alastair and nee Hall, Lisa Clark and {Colantuono, Giuseppe Everard}, Aldous},
  file    = {:Users/Desktop/Downloaded/85c4687c.html:html},
  title   = {{The Sheffield Solar Farm}},
  url     = {http://www.sheffieldsolarfarm.group.shef.ac.uk/solar-panel-data},
  urldate = {2013-05-16},
 }
