  @online{a,
   author = {Internet Live Stats},
   title = {Google Search Statistics},

   url = {http://www.internetlivestats.com/google-search-statistics},
   urldate = {03.05.2014},
   note = {Accessed: November 26, 2016}
  }
  @online{b,
   author = {Techopedia Inc},
   title = {Definition of Virtualization},
   url = {https://www.techopedia.com/definition/719/virtualization}
   urldate = {2014},
   note = {Accessed: 11.26.2016}
  }
  @book{SecuringtheCloud,
   author    = {Vic (J.R.) Winkler},
   title     = {Securing the Cloud},
   year      = {2011},
   publisher = {Elsevier/Syngress},
  }



 
